@article{article,
author = {Du, Lei and Liu, Kefei and Yao, Xiaohui and Yan, Jingwen and L. Risacher, Shannon and Han, Junwei and Li, Kaiming and Saykin, Andrew and Shen, Li},
year = {2017},
month = {12},
pages = {},
title = {Pattern Discovery in Brain Imaging Genetics via SCCA Modeling with a Generic Non-convex Penalty},
volume = {7},
booktitle = {Scientific Reports}
}
